<?xml version="1.0" encoding="UTF-8"?><record xmlns="http://www.loc.gov/MARC21/slim" xmlns:cinclude="http://apache.org/cocoon/include/1.0" xmlns:zs="http://www.loc.gov/zing/srw/">
  <leader>01459cz  a2200253n  4500</leader>
  <controlfield tag="001">nr 99018424 </controlfield>
  <controlfield tag="003">DLC</controlfield>
  <controlfield tag="005">20130601071111.0</controlfield>
  <controlfield tag="008">990609n| azannaabn          |b aaa     c</controlfield>
  <datafield tag="010" ind1=" " ind2=" ">
    <subfield code="a">nr 99018424 </subfield>
    <subfield code="z">no2007066668</subfield>
    <subfield code="z">no2002085956</subfield>
  </datafield>
  <datafield tag="035" ind1=" " ind2=" ">
    <subfield code="a">(OCoLC)oca05004938</subfield>
  </datafield>
  <datafield tag="040" ind1=" " ind2=" ">
    <subfield code="a">CtY-N</subfield>
    <subfield code="b">eng</subfield>
    <subfield code="e">rda</subfield>
    <subfield code="c">CtY-N</subfield>
    <subfield code="d">OCoLC</subfield>
    <subfield code="d">NjP</subfield>
    <subfield code="d">DLC</subfield>
    <subfield code="d">OCoLC</subfield>
  </datafield>
  <datafield tag="100" ind1="1" ind2=" ">
    <subfield code="a">Manṣūr, Abū Muʻādh Maḥmūd Imām</subfield>
  </datafield>
  <datafield tag="400" ind1="1" ind2=" ">
    <subfield code="a">Manṣūr, Maḥmūd Imām</subfield>
  </datafield>
  <datafield tag="400" ind1="1" ind2=" ">
    <subfield code="a">Ibn Imām, Abū Muʻādh Maḥmūd</subfield>
  </datafield>
  <datafield tag="400" ind1="1" ind2=" ">
    <subfield code="a">Ibn Imām, Maḥmūd</subfield>
  </datafield>
  <datafield tag="400" ind1="1" ind2=" ">
    <subfield code="a">Ibn Manṣūr, Abū Muʻādh Maḥmūd ibn Imām</subfield>
  </datafield>
  <datafield tag="400" ind1="1" ind2=" ">
    <subfield code="a">Āl Muwāfī, Abū Muʻādh Maḥmūd Imām ibn Manṣūr</subfield>
  </datafield>
  <datafield tag="400" ind1="1" ind2=" ">
    <subfield code="a">منصور، أبو معاذ محمود إمام</subfield>
  </datafield>
  <datafield tag="667" ind1=" " ind2=" ">
    <subfield code="a">Machine-derived non-Latin script reference project.</subfield>
  </datafield>
  <datafield tag="667" ind1=" " ind2=" ">
    <subfield code="a">Non-Latin script reference not evaluated.</subfield>
  </datafield>
  <datafield tag="670" ind1=" " ind2=" ">
    <subfield code="a">al-Āyāt al-bayyināt li-bayān anna al-ẓulm ẓulumāt, 1994:</subfield>
    <subfield code="b">t.p. (Abū Muʻādh Maḥmūd Imām Manṣūr) p. 8 (Abū Muʻādh Maḥmūd ibn Imām)</subfield>
  </datafield>
  <datafield tag="670" ind1=" " ind2=" ">
    <subfield code="a">Tadhkīr al-ṭāʼifah al-manṣūrah bi-baʻḍ al-sunan al-mahjūrah, 2000:</subfield>
    <subfield code="b">t.p. (Abū Muʻādh Maḥmūd ibn Imām ibn Manṣūr)</subfield>
  </datafield>
  <datafield tag="670" ind1=" " ind2=" ">
    <subfield code="a">Iskāt al-kilāb al-ʻāwiyah bi-faḍāʼil Khāl al-muʼminīn Muʻāwiyah raḍiy Allāh ʻanhu, 2005:</subfield>
    <subfield code="b">t.p. (Abī Muʻādh Maḥmūd ibn Imām ibn Manṣūr) p. 190 (Abī Muʻādh Maḥmūd Imām ibn Manṣūr Āl Muwāfī)</subfield>
  </datafield>
</record>